%% Created using Papers on Wed, 16 Oct 2013.
%% http://papersapp.com/papers/

@article{Orlandi:2013uz,
author = {Orlandi, Javier G and Stetter, Olav and Soriano, Jordi and Geisel, Theo and Battaglia, Demian},
title = {{Transfer Entropy reconstruction and labeling of neuronal connections from simulated calcium imaging}},
journal = {arXiv.org},
year = {2013},
pages = {1309.4287},
month = sep
}

@article{Vogelstein:2009p3029,
author = {Vogelstein, Joshua T and Watson, Brendon O and Packer, Adam M and Yuste, Rafael and Jedynak, Bruno and Paninski, Liam},
title = {{Spike inference from calcium imaging using sequential Monte Carlo methods}},
journal = {Biophysical Journal},
year = {2009},
volume = {97},
number = {2},
pages = {636--655}
}

@article{Cohen:2008cv,
author = {Cohen, Eyal and Ivenshitz, Miriam and Amor-Baroukh, Veronique and Greenberger, Varda and Segal, Menahem},
title = {{Determinants of spontaneous activity in networks of cultured hippocampus}},
journal = {Brain Research},
year = {2008},
volume = {1235},
pages = {21--30}
}

@article{Eckmann:2007p48,
author = {Eckmann, Jean-Pierre and Feinerman, Ofer and Gruendlinger, Leor and Moses, Elisha and Soriano, Jordi and Tlusty, Tsvi},
title = {{The physics of living neural networks}},
journal = {Physics Reports},
year = {2007},
volume = {449},
number = {1-3},
pages = {54--76}
}

@article{Tsodyks:2000p3237,
author = {Tsodyks, Misha and Uziel, Asher and Markram, Henry},
title = {{Synchrony generation in recurrent networks with frequency-dependent synapses}},
journal = {Journal of Neuroscience},
year = {2000},
volume = {20},
pages = {1--5}
}

@article{Fagiolo:2007p53,
author = {Fagiolo, Giorgio},
title = {{Clustering in complex directed networks}},
journal = {Physical Review E},
year = {2007},
volume = {76},
pages = {026107},
month = aug
}

@article{Tsodyks:1997p5532,
author = {Tsodyks, Misha and Markram, Henry},
title = {{The neural code between neocortical pyramidal neurons depends on neurotransmitter release probability}},
journal = {Proceedings Of The National Academy Of Sciences Of The United States Of America},
year = {1997},
volume = {94},
number = {2},
pages = {719--723}
}

@article{Schreiber:2000p79,
author = {Schreiber, Thomas},
title = {{Measuring information transfer}},
journal = {Physical Review Letters},
year = {2000},
volume = {85},
number = {2},
pages = {461--464}
}

@article{Stetter:2012vt,
author = {Stetter, Olav and Battaglia, Demian and Soriano, Jordi and Geisel, Theo},
title = {{Model-free reconstruction of excitatory neuronal connectivity from calcium imaging signals}},
journal = {PLoS Computational Biology},
year = {2012},
volume = {8},
number = {8},
pages = {e1002653},
month = aug
}

@article{Mishchencko:2009p4301,
author = {Mishchencko, Yuriy and Vogelstein, Joshua T and Paninski, Liam},
title = {{A Bayesian approach for inferring neuronal connectivity from calcium fluorescent imaging data}},
journal = {Annals of Applied Statistics},
year = {2011},
volume = {5},
pages = {1229--1261}
}

@webpage{Gewaltig:NEST,
author = {Gewaltig, Marc-Oliver and Diesmann, Markus},
title = {{NEST (NEural Simulation Tool)}},
year = {2007},
url = {http://www.scholarpedia.org/article/NEST_(NEural_Simulation_Tool)}
}

@article{Eytan:2006p66,
author = {Eytan, D and Marom, Shimon},
title = {{Dynamics and effective topology underlying synchronization in networks of cortical neurons}},
journal = {Journal of Neuroscience},
year = {2006},
volume = {26},
number = {33},
pages = {8465-- 8476}
}

